@book{IYiYMQHMhgWYsu4q,
  title = {JQuery},
  subtitle = {kuchařka programátora},
  publisher = {Computer Press},
  address = {Brno},
  year = {2010},
  edition = {Vyd. 1.},
  ISBN = {9788025131527},
}

@book{Mayer-Schönberger2014,
  author = {Viktor Mayer-Schönberger and Kenneth Cukier},
  title = {Big Data},
  publisher = {Computer Press},
  address = {Brno},
  year = {2014},
  edition = {1. vyd.},
  ISBN = {9788025141199},
}

@book{Hogan2011,
  author = {Brian P Hogan},
  title = {HTML5 a CSS3},
  subtitle = {výukový kurz webového vývojáře},
  publisher = {Computer Press},
  address = {Brno},
  year = {2011},
  edition = {Vyd. 1.},
  ISBN = {9788025135761},
}

@book{Fogel[2012],
  author = {Karl Fogel},
  title = {Tvorba open source softwaru},
  subtitle = {jak řídit úspěšný projekt svobodného softwaru},
  publisher = {CZ.NIC},
  address = {Praha},
  year = {[2012]},
  ISBN = {9788090424852},
}

@book{Welling2005,
  author = {Luke Welling and Laura Thomson},
  title = {MySQL},
  subtitle = {průvodce základy databázového systému},
  publisher = {CP Books},
  address = {Brno},
  year = {2005},
  edition = {Vyd. 1.},
  ISBN = {8025106713},
}

@book{Wall1997,
  author = {Larry Wall and Tom Christiansen and Randal L Schwartz},
  title = {Programování v jazyce Perl},
  publisher = {Computer Press},
  address = {Praha},
  year = {1997},
  edition = {Vyd. 1.},
  ISBN = {8085896958},
}

@book{Engard2015,
  author = {Nicole C Engard},
  title = {More library mashups},
  subtitle = {exploring new ways to deliver library data},
  publisher = {Facet Publishing},
  address = {London},
  year = {2015},
  ISBN = {9781783300358},
}

@book{Janes2013,
  author = {Joseph Janes},
  title = {Library 2020},
  subtitle = {today's leading visionaries describe tomorrow's library},
  publisher = {Scarecrow Press},
  address = {Lanham},
  year = {2013},
  ISBN = {9780810887145},
}

@book{Schmidt2012,
  author = {Aaron Schmidt and Amanda Etches},
  title = {User experience (UX) design for libraries},
  publisher = {Facet Publishing},
  address = {London},
  year = {2012},
  edition = {1st pub.},
  ISBN = {9781856048439},
}

@book{Breeding2012,
  author = {Marshall Breeding},
  title = {Cloud computing for libraries},
  publisher = {Facet Publishing},
  address = {London},
  year = {2012},
  edition = {1st pub.},
  ISBN = {9781856048477},
}

@book{Ressler2006,
  author = {Miroslav Ressler},
  title = {Informační věda a knihovnictví},
  subtitle = {výkladový slovník české terminologie z oblasti informační vědy a knihovnictví : výběr z hesel v databázi TDKIV},
  publisher = {Vysoká škola chemicko-technologická},
  address = {Praha},
  year = {2006},
  edition = {Vyd. 1.},
  ISBN = {8070805994},
}

@book{Chaconc2009,
  author = {Scott Chacon},
  title = {Pro Git},
  publisher = {CZ.NIC},
  address = {Praha},
  year = {c2009},
  ISBN = {9788090424814},
}

@book{Coufalova2009,
  author = {Jindřiška Coufalová and Karolína Košťálová and Hana Nemeškalová},
  title = {Katalogy nové generace},
  subtitle = {analýza vybraných systémů z pohledu uživatele},
  publisher = {Národní knihovna České republiky},
  address = {Praha},
  year = {2009},
  edition = {1. vyd.},
  ISBN = {9788070505793},
}

@book{Kanska1999,
  author = {Pavla Kánská},
  title = {Anglicko-český a česko-anglický knihovnický slovník},
  subtitle = {(doplněný základními konverzačními okruhy)},
  publisher = {Masarykova univerzita},
  address = {Brno},
  year = {1999},
  edition = {Vyd. 1.},
  ISBN = {8021021500},
}

@book{Dilhofova2013,
  author = {Adéla Dilhofová and Monika Kratochvílová and Jan Lidmila},
  title = {Příručka pro knihovníky veřejných knihoven},
  publisher = {Moravská zemská knihovna v Brně},
  address = {Brno},
  year = {2013},
  edition = {Vyd. 1.},
  ISBN = {9788070511992},
}

@book{Welsh2012,
  author = {Anne Welsh and Sue Batley},
  title = {Practical cataloguing},
  subtitle = {AACR, RDA and MARC21},
  publisher = {Neal-Schuman, an imprint of the American Library Association},
  address = {Chicago},
  year = {2012},
  edition = {Simultaneous U.S. ed.},
  ISBN = {9781555707439},
}

@misc{L36Hsi0FBbF4yvCA,
  title = {A structured approach to Enterprise Risk Management (ERM) and the requirements of ISO 31000},
  year = {2010},
  URL = {https://www.theirm.org/media/886062/ISO3100_doc.pdf},
}

@misc{Sieber2004,
  author = {Patrik Sieber},
  title = {Studie proveditelnosti (Feasibility Study)},
  subtitle = {metodická příručka},
  year = {2004},
  edition = {1.4},
  URL = {http://www.strukturalni-fondy.cz/getmedia/c4772855-8ffc-4036-97fc-2d7caa1ad86e/1136372156-zpracov-n-studie-proveditelnosti},
}

@article{Chandel2015,
  author = {Sunil Singh Chandel and Subhash Khode},
  journal = {DESIDOC Journal of Library \& Information Technology},
  title = {Adoption of Open Source Software in India},
  year = {2015},
  pages = {30-40},
  volume = {35},
  number = {1},
  ISSN = {09740643},
  URL = {http://ezproxy.muni.cz/login?url=http://search.ebscohost.com/login.aspx?direct=true\&AuthType=ip,cookie,uid\&db=lls\&AN=100723484\&lang=cs\&site=eds-live\&scope=site},
}

@article{Gireesh2015,
  author = {Kumar T. K. Gireesh and M. Jayapradeep},
  journal = {International Journal of Information Dissemination \& Technology},
  title = {Perceptions of LIS Professionals on Open Source Integrated Library System and Adoptability of Koha over LibSys in India},
  year = {2015},
  pages = {100-105},
  volume = {5},
  number = {2},
  ISSN = {22295984},
  URL = {http://ezproxy.muni.cz/login?url=http://search.ebscohost.com/login.aspx?direct=true\&AuthType=ip,cookie,uid\&db=lls\&AN=108893160\&lang=cs\&site=eds-live\&scope=site},
}

@misc{APLK21fRZJjk9szI,
  journal = {Koha: česká komunita},
  title = {Rozumné náklady},
  year = {2015},
  URL = {http://www.knihovni-system-koha.cz/index.php/prejdete-na-koha/rozumne-naklady},
}

@book{Sirohi2010,
  author = {Savitra Sirohi and Amit Gupta},
  title = {Koha 3 library management system},
  subtitle = {install, configure, and maintain your Koha installation with this easy-to-follow guide},
  publisher = {Packt Pub.},
  address = {Birmingham, U.K.},
  year = {2010},
  ISBN = {978-1-849510-82-0},
}

@article{krbiwFHfrnvG2ZXf,
  author = {Vandana Singh},
  journal = {Information Technology \& Libraries},
  title = {Experiences of Migrating to an OpenSource Integrated Library System},
  edition = {1},
  pages = {36-53},
  number = {32},
  ISSN = {07309295},
  URL = {http://ezproxy.muni.cz/login?url=http://search.ebscohost.com/login.aspx?direct=true\&AuthType=ip,cookie,uid\&db=lls\&AN=89093583\&lang=cs\&site=eds-live\&scope=site},
}

@misc{EwFD5f4OGCWnUw28,
  title = {Staff User’s Guide – Cataloging},
  subtitle = {Version 21},
  year = {2013},
}

@misc{D0BmAY2oiK0FBzwH,
  title = {Staff User’s Guide –  Course Reading and   Reserves},
  subtitle = {Version 21},
  year = {2012},
}

@misc{yJc34AhCKFMV3AIi,
  title = {ALEPH VERSION 18.01},
  subtitle = {Staff User’s Guide - Staff Privileges},
  year = {2007},
  edition = {1.4},
}

@unpublished{w9Mzd49BkC6C7Fjk,
  title = {Aleph 22 Extended Topologies},
  subtitle = {Version 22},
  year = {2014},
}

@misc{RAIJeXf74TG3ypKr,
  title = {Aleph 22 System  Administration Guide},
  subtitle = {Version 22},
  year = {2014},
}

@misc{1PII2RlY8eer21e7,
  title = {Staff User’s Guide –  Integrated ILL},
  subtitle = {Version 22},
  year = {2014},
}

@misc{V4Vp1lRY4MDMSvGm,
  title = {Staff User’s Guide –  Circulation},
  subtitle = {Version 22},
  year = {2014},
}

@masterthesis{rKJfdsP4gSkZkZa0,
  title = {STUDIE PROVEDITELNOSTI},
}

@unpublished{yDx5LaifxlC8Zn1a,
  title = {Staff User’s Guide},
  subtitle = {Version 22},
  year = {2014},
}

@unpublished{J3N5MnuiS0ayDSIY,
  title = {List of Oracle Tables},
  subtitle = {Version 22},
  year = {2014},
}

@unpublished{waPXRnSLhVRfkCXL,
  title = {System Administrator’s Guide - System Overview},
  subtitle = {Version 22},
  year = {2014},
}

@misc{Engard2015,
  author = {Nicole C. Engard},
  title = {Koha 3.22 Manual},
  year = {2015},
  edition = {1},
  URL = {http://translate.koha-community.org/manual/master/en/html-desktop/},
}

